<?xml version="1.0" encoding="UTF-8" ?>
<collection xmlns:xsi="http://www.w3.org/2001/XMLSchema-instance"
    xsi:schemaLocation="http://www.loc.gov/MARC21/slim
        http://www.loc.gov/standards/marcxml/schema/MARC21slim.xsd"
    xmlns="http://www.loc.gov/MARC21/slim">
<record>
  <leader>00272cam a2200529 ia4500</leader>
  <controlfield tag="001">b12527774</controlfield>
  <controlfield tag="003">LeBAU</controlfield>
  <controlfield tag="005">20200511</controlfield>
  <controlfield tag="008">970719m19461951le       b    001 0 ara d</controlfield>
  <datafield tag="035" ind1=" " ind2=" ">
    <subfield code="a">ocn784385687</subfield>
  </datafield>
  <datafield tag="040" ind1=" " ind2=" ">
    <subfield code="a">LEAUB</subfield>
    <subfield code="b">ara</subfield>
    <subfield code="e">rda</subfield>
    <subfield code="c">LEAUB</subfield>
    <subfield code="d">LEAUB</subfield>
  </datafield>
  <datafield tag="082" ind1="0" ind2="4">
    <subfield code="a">892.708</subfield>
    <subfield code="2">23</subfield>
  </datafield>
  <datafield tag="100" ind1="1" ind2=" ">
    <subfield code="6">880-01</subfield>
    <subfield code="a">Cheikho, Louis,</subfield>
    <subfield code="c">الاب،</subfield>
    <subfield code="d">1859-1927.</subfield>
    <subfield code="e">author.</subfield>
    <subfield code="0">http://id.loc.gov/authorities/names/n82234894 ,</subfield>
  </datafield>
  <datafield tag="245" ind1="1" ind2="0">
    <subfield code="6">880-02</subfield>
    <subfield code="a">al-Majānī al-ḥadīthah :</subfield>
    <subfield code="b">ʻan majānī al-Ab Shaykhū /</subfield>
    <subfield code="c">jaddadahā ikhtiyāran wa-darsan wa-sharḥan wa-tabwīban lajnah min al-asātidhah bi-idārat Fuʼād Afrām al-Bustānī, mudīr Dār al-Muʻallimīn wa-al-Muʻallimāt, ustādh al-adab wa-muʼassasāt al-mujtamaʻ al-ʻArabī fī Maʻhad al-Ādāb al-Sharqīyah.</subfield>
  </datafield>
  <datafield tag="264" ind1=" " ind2="1">
    <subfield code="6">880-03</subfield>
    <subfield code="a">Bayrūt :</subfield>
    <subfield code="b">Dār al-Ādāb al-Sharqīyah,</subfield>
    <subfield code="c">1946-1951.</subfield>
  </datafield>
  <datafield tag="300" ind1=" " ind2=" ">
    <subfield code="6">880-04</subfield>
    <subfield code="a">5 volumes ;</subfield>
    <subfield code="c">22 cm</subfield>
  </datafield>
  <datafield tag="336" ind1=" " ind2=" ">
    <subfield code="a">text</subfield>
    <subfield code="b">txt</subfield>
    <subfield code="2">rdacontent</subfield>
  </datafield>
  <datafield tag="337" ind1=" " ind2=" ">
    <subfield code="a">unmediated</subfield>
    <subfield code="b">n</subfield>
    <subfield code="2">rdamedia</subfield>
  </datafield>
  <datafield tag="338" ind1=" " ind2=" ">
    <subfield code="a">volume</subfield>
    <subfield code="b">nc</subfield>
    <subfield code="2">rdacarrier</subfield>
  </datafield>
  <datafield tag="500" ind1=" " ind2=" ">
    <subfield code="a">الجزء الثاني طبع سنة 1950.</subfield>
  </datafield>
  <datafield tag="504" ind1=" " ind2=" ">
    <subfield code="a">يتضمن مراجع ببليوغرافية وكشافات.</subfield>
  </datafield>
  <datafield tag="505" ind1="0" ind2="0">
    <subfield code="a">المجاني الحديثة:</subfield>
    <subfield code="g">الجزء الأول.</subfield>
    <subfield code="t">في العصر الجاهلي --</subfield>
    <subfield code="g">الجزء الثاني.</subfield>
    <subfield code="t">في عصر صدر الإسلام --</subfield>
    <subfield code="g">الجزء الثالث.</subfield>
    <subfield code="t">في العصر العباسي --</subfield>
    <subfield code="g">الجزء الرابع.</subfield>
    <subfield code="t">في النثر العباسي --</subfield>
    <subfield code="g">الجزء الخامس.</subfield>
    <subfield code="t">الأدب الأندلسي، الأدب المشرقي في الإنحطاط.</subfield>
  </datafield>
  <datafield tag="650" ind1=" " ind2="4">
    <subfield code="a">الادب العربي.</subfield>
  </datafield>
  <datafield tag="650" ind1=" " ind2="0">
    <subfield code="a">Arabic literature.</subfield>
  </datafield>
  <datafield tag="700" ind1="1" ind2=" ">
    <subfield code="6">880-05</subfield>
    <subfield code="a">Bustānī, Fuʼād Afrām.</subfield>
    <subfield code="e">compiler.</subfield>
    <subfield code="0">http://id.loc.gov/authorities/names/n83126167 ,</subfield>
  </datafield>
  <datafield tag="852" ind1=" " ind2=" ">
    <subfield code="a">Jafet Library</subfield>
    <subfield code="e">American University of Beirut, Bliss Street , Beirut, Lebanon.</subfield>
  </datafield>
  <datafield tag="880" ind1="1" ind2=" ">
    <subfield code="6">100-01/(3/r</subfield>
    <subfield code="a">شيخو، لويس،</subfield>
    <subfield code="d">1859-1927،</subfield>
    <subfield code="0">http://id.loc.gov/authorities/names/n82234894 ,</subfield>
    <subfield code="e">مؤلف. </subfield>
    <subfield code="4">aut.</subfield>
  </datafield>
  <datafield tag="880" ind1=" " ind2="1">
    <subfield code="6">264-03/(3/r</subfield>
    <subfield code="a">بيروت :</subfield>
    <subfield code="b">دار الآداب الشرقية،</subfield>
    <subfield code="c">1946-1951.</subfield>
  </datafield>
  <datafield tag="880" ind1="1" ind2="3">
    <subfield code="6">245-02/(3/r</subfield>
    <subfield code="a">المجاني الحديثة :</subfield>
    <subfield code="b">عن مجاني الأب شيخو /</subfield>
    <subfield code="c">جددها اختياراً ودرساً وشرحاً وتبويباً لجنة من الأساتذة بإدارة فؤاد أفرام البستاني، مدير دار المعلمين والمعلمات، أستاذ الأدب ومؤسسات المجتمع العربي في معهد الآداب الشرقية.</subfield>
  </datafield>
  <datafield tag="880" ind1=" " ind2=" ">
    <subfield code="6">300-04/(3/r</subfield>
    <subfield code="a">5 أجزاء ؛</subfield>
    <subfield code="c">22 سم</subfield>
  </datafield>
  <datafield tag="880" ind1="1" ind2=" ">
    <subfield code="6">700-05/(3/r</subfield>
    <subfield code="a">البستاني، فؤاد افرام،</subfield>
    <subfield code="0">http://id.loc.gov/authorities/names/n83126167 ,</subfield>
    <subfield code="e">معد. </subfield>
    <subfield code="4">com.</subfield>
  </datafield>
  <datafield tag="907" ind1=" " ind2=" ">
    <subfield code="a">.b12527774</subfield>
    <subfield code="b">20-05-12</subfield>
    <subfield code="c">11-05-24</subfield>
  </datafield>
  <datafield tag="907" ind1=" " ind2=" ">
    <subfield code="a">.b12527774</subfield>
    <subfield code="b">15-10-15</subfield>
    <subfield code="c">11-05-24</subfield>
  </datafield>
  <datafield tag="945" ind1=" " ind2=" ">
    <subfield code="f">J</subfield>
    <subfield code="a">892.708:Sh599mbA:v.1:c.1</subfield>
    <subfield code="i">01032592</subfield>
    <subfield code="j">.i13028327</subfield>
    <subfield code="l">u0503</subfield>
  </datafield>
  <datafield tag="945" ind1=" " ind2=" ">
    <subfield code="f">J</subfield>
    <subfield code="a">892.708:Sh599mbA:v.1:c.2</subfield>
    <subfield code="i">01032593</subfield>
    <subfield code="j">.i13028339</subfield>
    <subfield code="l">u0503</subfield>
  </datafield>
  <datafield tag="945" ind1=" " ind2=" ">
    <subfield code="f">J</subfield>
    <subfield code="a">892.708:Sh599mbA:v.1:c.3</subfield>
    <subfield code="i">01032594</subfield>
    <subfield code="j">.i13028340</subfield>
    <subfield code="l">u0503</subfield>
  </datafield>
  <datafield tag="945" ind1=" " ind2=" ">
    <subfield code="f">J</subfield>
    <subfield code="a">892.708:Sh599mbA:v.2:c.1</subfield>
    <subfield code="i">01032595</subfield>
    <subfield code="j">.i13028352</subfield>
    <subfield code="l">u0503</subfield>
  </datafield>
  <datafield tag="945" ind1=" " ind2=" ">
    <subfield code="f">J</subfield>
    <subfield code="a">892.708:Sh599mbA:v.2:c.2</subfield>
    <subfield code="i">01032596</subfield>
    <subfield code="j">.i13028364</subfield>
    <subfield code="l">u0503</subfield>
  </datafield>
  <datafield tag="945" ind1=" " ind2=" ">
    <subfield code="f">J</subfield>
    <subfield code="a">892.708:Sh599mbA:v.3:c.1</subfield>
    <subfield code="i">01032597</subfield>
    <subfield code="j">.i13028376</subfield>
    <subfield code="l">u0503</subfield>
  </datafield>
  <datafield tag="945" ind1=" " ind2=" ">
    <subfield code="f">J</subfield>
    <subfield code="a">892.708:Sh599mbA:v.3:c.2</subfield>
    <subfield code="i">01032598</subfield>
    <subfield code="j">.i13028388</subfield>
    <subfield code="l">u0503</subfield>
  </datafield>
  <datafield tag="945" ind1=" " ind2=" ">
    <subfield code="f">J</subfield>
    <subfield code="a">892.708:Sh599mbA:v.3:c.3</subfield>
    <subfield code="i">01032599</subfield>
    <subfield code="j">.i1302839x</subfield>
    <subfield code="l">u0503</subfield>
  </datafield>
  <datafield tag="945" ind1=" " ind2=" ">
    <subfield code="f">J</subfield>
    <subfield code="a">892.708:Sh599mbA:v.4:c.1</subfield>
    <subfield code="i">01032600</subfield>
    <subfield code="j">.i13028406</subfield>
    <subfield code="l">u0503</subfield>
  </datafield>
  <datafield tag="945" ind1=" " ind2=" ">
    <subfield code="f">J</subfield>
    <subfield code="a">892.708:Sh599mbA:v.4:c.2</subfield>
    <subfield code="i">01032601</subfield>
    <subfield code="j">.i13028418</subfield>
    <subfield code="l">u0503</subfield>
  </datafield>
  <datafield tag="945" ind1=" " ind2=" ">
    <subfield code="f">J</subfield>
    <subfield code="a">892.708:Sh599mbA:v.4:c.3</subfield>
    <subfield code="i">01032602</subfield>
    <subfield code="j">.i1302842x</subfield>
    <subfield code="l">u0503</subfield>
  </datafield>
  <datafield tag="945" ind1=" " ind2=" ">
    <subfield code="f">J</subfield>
    <subfield code="a">892.708:Sh599mbA:v.5:c.1</subfield>
    <subfield code="i">01041146</subfield>
    <subfield code="j">.i13028431</subfield>
    <subfield code="l">u0503</subfield>
  </datafield>
  <datafield tag="945" ind1=" " ind2=" ">
    <subfield code="f">J</subfield>
    <subfield code="a">892.708:Sh599mbA:v.5:c.2</subfield>
    <subfield code="i">01041147</subfield>
    <subfield code="j">.i13028443</subfield>
    <subfield code="l">u0503</subfield>
  </datafield>
  <datafield tag="998" ind1=" " ind2=" ">
    <subfield code="a">u05</subfield>
    <subfield code="b">97-07-19</subfield>
    <subfield code="c">m</subfield>
    <subfield code="d">a  </subfield>
    <subfield code="e">-</subfield>
    <subfield code="f">ara</subfield>
    <subfield code="g">le </subfield>
    <subfield code="h">0</subfield>
    <subfield code="i">13</subfield>
  </datafield>
</record>
</collection>
